<record><leader>00000cas a22000007a 4500</leader><controlfield tag="001">31190266</controlfield><controlfield tag="008">940928d18901904maudn ne      0    0eng d</controlfield><datafield ind1=" " ind2=" " tag="010"><subfield code="a">sn 94055866 </subfield></datafield><datafield ind1=" " ind2=" " tag="040"><subfield code="a">MGN</subfield><subfield code="b">eng</subfield><subfield code="c">MGN</subfield><subfield code="d">OCLCQ</subfield></datafield><datafield ind1=" " ind2=" " tag="042"><subfield code="a">msc</subfield></datafield><datafield ind1="0" ind2="0" tag="245"><subfield code="a">Newburyport evening herald.</subfield></datafield><datafield ind1=" " ind2=" " tag="260"><subfield code="a">Newburyport [Mass.] :</subfield><subfield code="b">Newburyport Herald Co.</subfield></datafield><datafield ind1=" " ind2=" " tag="300"><subfield code="a">v.</subfield></datafield><datafield ind1=" " ind2=" " tag="310"><subfield code="a">Daily (except Sun.)</subfield></datafield><datafield ind1="1" ind2=" " tag="362"><subfield code="a">Began in Jan. 1890? Ceased July 30, 1904.</subfield></datafield><datafield ind1=" " ind2=" " tag="588"><subfield code="a">Description based on: Jan. 17, 1890.</subfield></datafield><datafield ind1=" " ind2=" " tag="752"><subfield code="a">United States</subfield><subfield code="b">Massachusetts</subfield><subfield code="c">Essex</subfield><subfield code="d">Newburyport.</subfield></datafield><datafield ind1="0" ind2=" " tag="775"><subfield code="t">Newburyport morning herald</subfield><subfield code="w">(DLC)sn 89063323</subfield></datafield><datafield ind1="0" ind2=" " tag="775"><subfield code="t">Newburyport weekly herald</subfield><subfield code="w">(DLC)sn 94055867</subfield></datafield><datafield ind1="0" ind2="0" tag="780"><subfield code="t">Daily evening herald (Newburyport, Mass.)</subfield><subfield code="w">(DLC)sn 86063512</subfield></datafield></record>